%
%  An example of a bibliographical database for bibTeX
%
%  Recommended software for maintenance of *.bib files:
%    JabRef, http://jabref.sourceforge.net/
%
%  BEWARE:
%
%    *  If a name contains a capital letter, which must be kept such,
%       use curly brackets ({T}hailand, {HIV}).
%
%  ===========================================================================


%%%%%%%%%%%%%%%%%%%%%%%%%%%%%%%%%%%%%%%%%%%%%%%%%%%%%
%%%%%%%%%%%% Generic ML and DL references %%%%%%%%%%%
%%%%%%%%%%%%%%%%%%%%%%%%%%%%%%%%%%%%%%%%%%%%%%%%%%%%%

@book{Goodfellow-et-al-2016,
    title={Deep Learning},
    author={Ian Goodfellow and Yoshua Bengio and Aaron Courville},
    publisher={MIT Press},
    note={\url{http://www.deeplearningbook.org}},
    year={2016}
}
%%%%%%%%%%%%%%%%%%%%%%%%%%%%%%%%%%%%%%%%%%%%%%%%%%%%%




%%%%%%%%%%%%%%%%%%%%%%%%%%%%%%%%%%%%%%%%%%%%%%%%%%%%%
%%%%%%%%%%%%% Adversarial attack papers %%%%%%%%%%%%%
%%%%%%%%%%%%%%%%%%%%%%%%%%%%%%%%%%%%%%%%%%%%%%%%%%%%%

@article{Chen2020RaySAR,
  title={RayS: A Ray Searching Method for Hard-label Adversarial Attack},
  author={J. Chen and Quanquan Gu},
  journal={Proceedings of the 26th ACM SIGKDD International Conference on Knowledge Discovery \& Data Mining},
  year={2020}
}

@inproceedings{Andriushchenko2020SquareAA,
  title={Square Attack: a query-efficient black-box adversarial attack via random search},
  author={Maksym Andriushchenko and Francesco Croce and Nicolas Flammarion and Matthias Hein},
  booktitle={ECCV},
  year={2020}
}

@article{Croce2020SparseRSAV,
  title={Sparse-RS: a versatile framework for query-efficient sparse black-box adversarial attacks},
  author={Francesco Croce and Maksym Andriushchenko and Naman D. Singh and Nicolas Flammarion and Matthias Hein},
  journal={ArXiv},
  year={2020},
  volume={abs/2006.12834}
}


@article{Rauber2020FoolboxNF,
  title={Foolbox Native: Fast adversarial attacks to benchmark the robustness of machine learning models in PyTorch, TensorFlow, and JAX},
  author={Jonas Rauber and Roland S. Zimmermann and M. Bethge and W. Brendel},
  journal={J. Open Source Softw.},
  year={2020},
  volume={5},
  pages={2607}
}


@misc{croce2020reliable,
      title={Reliable evaluation of adversarial robustness with an ensemble of diverse parameter-free attacks}, 
      author={Francesco Croce and Matthias Hein},
      year={2020},
      eprint={2003.01690},
      archivePrefix={arXiv},
      primaryClass={cs.LG}
}


@article{Suya2020HybridBA,
  title={Hybrid Batch Attacks: Finding Black-box Adversarial Examples with Limited Queries},
  author={Fnu Suya and Jianfeng Chi and David Evans and Y. Tian},
  journal={ArXiv},
  year={2020},
  volume={abs/1908.07000}
}

@article{Huang2020BlackBoxAA,
  title={Black-Box Adversarial Attack with Transferable Model-based Embedding},
  author={Z. Huang and Tong Zhang},
  journal={ArXiv},
  year={2020},
  volume={abs/1911.07140}
}


@inproceedings{deng2009imagenet,
  title={Imagenet: A large-scale hierarchical image database},
  author={Deng, Jia and Dong, Wei and Socher, Richard and Li, Li-Jia and Li, Kai and Fei-Fei, Li},
  booktitle={2009 IEEE conference on computer vision and pattern recognition},
  pages={248--255},
  year={2009},
  organization={Ieee}
}

@misc{carlini2017evaluating,
      title={Towards Evaluating the Robustness of Neural Networks}, 
      author={Nicholas Carlini and David Wagner},
      year={2017},
      eprint={1608.04644},
      archivePrefix={arXiv},
      primaryClass={cs.CR}
}

% adversarial training defense
@misc{tramer2020ensemble,
      title={Ensemble Adversarial Training: Attacks and Defenses}, 
      author={Florian Tramèr and Alexey Kurakin and Nicolas Papernot and Ian Goodfellow and Dan Boneh and Patrick McDaniel},
      year={2020},
      eprint={1705.07204},
      archivePrefix={arXiv},
      primaryClass={stat.ML}
}


@article{Chen2017ZOOZO,
  title={ZOO: Zeroth Order Optimization Based Black-box Attacks to Deep Neural Networks without Training Substitute Models},
  author={Pin-Yu Chen and Huan Zhang and Yash Sharma and Jinfeng Yi and Cho-Jui Hsieh},
  journal={Proceedings of the 10th ACM Workshop on Artificial Intelligence and Security},
  year={2017}
}

%%%%%%%%%%%%%%%%%%%%%%%%%%%%%%%%%%%%%%%%%%%%%%%%%%%%%
%%%%%%%%% End of adversarial attack papers %%%%%%%%%%
%%%%%%%%%%%%%%%%%%%%%%%%%%%%%%%%%%%%%%%%%%%%%%%%%%%%%










%%%%%%%%%%%%%%%%%%%%%%%%%%%%%%%%%%%%%%%%%%%%%%%%%%%%%%%%%%%%%
%%%%%%%%%%% references to local pretrained models %%%%%%%%%%%
%%%%%%%%%%%%%%%%%%%%%%%%%%%%%%%%%%%%%%%%%%%%%%%%%%%%%%%%%%%%%

% ResNet
@misc{he2015deep,
      title={Deep Residual Learning for Image Recognition}, 
      author={Kaiming He and Xiangyu Zhang and Shaoqing Ren and Jian Sun},
      year={2015},
      eprint={1512.03385},
      archivePrefix={arXiv},
      primaryClass={cs.CV}
}

% ResNeXt
@misc{xie2017aggregated,
      title={Aggregated Residual Transformations for Deep Neural Networks}, 
      author={Saining Xie and Ross Girshick and Piotr Dollár and Zhuowen Tu and Kaiming He},
      year={2017},
      eprint={1611.05431},
      archivePrefix={arXiv},
      primaryClass={cs.CV}
} 

% WideResnet-50-2
@misc{zagoruyko2017wide,
      title={Wide Residual Networks}, 
      author={Sergey Zagoruyko and Nikos Komodakis},
      year={2017},
      eprint={1605.07146},
      archivePrefix={arXiv},
      primaryClass={cs.CV}
}

  
% squeezenet
@misc{iandola2016squeezenet,
      title={SqueezeNet: AlexNet-level accuracy with 50x fewer parameters and <0.5MB model size}, 
      author={Forrest N. Iandola and Song Han and Matthew W. Moskewicz and Khalid Ashraf and William J. Dally and Kurt Keutzer},
      year={2016},
      eprint={1602.07360},
      archivePrefix={arXiv},
      primaryClass={cs.CV}
}

% densenet
@misc{huang2018densely,
      title={Densely Connected Convolutional Networks}, 
      author={Gao Huang and Zhuang Liu and Laurens van der Maaten and Kilian Q. Weinberger},
      year={2018},
      eprint={1608.06993},
      archivePrefix={arXiv},
      primaryClass={cs.CV}
}

% efficient-net
@misc{tan2020efficientnet,
      title={EfficientNet: Rethinking Model Scaling for Convolutional Neural Networks}, 
      author={Mingxing Tan and Quoc V. Le},
      year={2020},
      eprint={1905.11946},
      archivePrefix={arXiv},
      primaryClass={cs.LG}
}

% huggingface
@misc{wolf2020huggingfaces,
      title={HuggingFace's Transformers: State-of-the-art Natural Language Processing}, 
      author={Thomas Wolf and Lysandre Debut and Victor Sanh and Julien Chaumond and Clement Delangue and Anthony Moi and Pierric Cistac and Tim Rault and Rémi Louf and Morgan Funtowicz and Joe Davison and Sam Shleifer and Patrick von Platen and Clara Ma and Yacine Jernite and Julien Plu and Canwen Xu and Teven Le Scao and Sylvain Gugger and Mariama Drame and Quentin Lhoest and Alexander M. Rush},
      year={2020},
      eprint={1910.03771},
      archivePrefix={arXiv},
      primaryClass={cs.CL}
}

% GPT-2
@article{radford2019language,
  title={Language Models are Unsupervised Multitask Learners},
  author={Radford, Alec and Wu, Jeff and Child, Rewon and Luan, David and Amodei, Dario and Sutskever, Ilya},
  year={2019}
}
%%%%%%%%%%%%%%%%%%%%%%%%%%%%%%%%%%%%%%%%%%%%%%%%





%%%%%%%%%%%%%%%%%%%%%%%%%%%%%%%%%%%%%%%%%%%%%%%%
%%%%%%%%%%%%%%%%%%%% Misc %%%%%%%%%%%%%%%%%%%%%%
%%%%%%%%%%%%%%%%%%%%%%%%%%%%%%%%%%%%%%%%%%%%%%%%

@misc{riba2019kornia,
      title={Kornia: an Open Source Differentiable Computer Vision Library for PyTorch}, 
      author={Edgar Riba and Dmytro Mishkin and Daniel Ponsa and Ethan Rublee and Gary Bradski},
      year={2019},
      eprint={1910.02190},
      archivePrefix={arXiv},
      primaryClass={cs.CV}
}

@misc{paszke2019pytorch,
      title={PyTorch: An Imperative Style, High-Performance Deep Learning Library}, 
      author={Adam Paszke and Sam Gross and Francisco Massa and Adam Lerer and James Bradbury and Gregory Chanan and Trevor Killeen and Zeming Lin and Natalia Gimelshein and Luca Antiga and Alban Desmaison and Andreas Köpf and Edward Yang and Zach DeVito and Martin Raison and Alykhan Tejani and Sasank Chilamkurthy and Benoit Steiner and Lu Fang and Junjie Bai and Soumith Chintala},
      year={2019},
      eprint={1912.01703},
      archivePrefix={arXiv},
      primaryClass={cs.LG}
}
%%%%%%%%%%%%%%%%%%%%%%%%%%%%%%%%%%%%%%%%%%%%%%%%






%%%%%%%%%%%%%%%%%%%%%%%%%%%%%%%%%%%%%%%%%%%%%%%%
%%%%%%%% Some example bibtex references %%%%%%%%
%%%%%%%%%%%%%%%%%%%%%%%%%%%%%%%%%%%%%%%%%%%%%%%%

@BOOK{Andel07,
  title = {Základy matematické statistiky},
  publisher = {Matfyzpress},
  year = {2007},
  author = {Anděl, J.},
  address = {Praha},
  series = {Druhé opravené vydání},
  isbn = {80-7378-001-1}
}

@BOOK{Andel98,
  title = {Statistické metody},
  publisher = {Matfyzpress},
  year = {1998},
  author = {Anděl, J.},
  address = {Praha},
  series = {Druhé přepracované vydání},
  isbn = {80-85863-27-8}
}

@ARTICLE{Cox72,
  author = {Cox, D. R.},
  title = {Regression models and life-tables (with {D}iscussion)},
  journal = {Journal of the Royal Statistical Society, Series B},
  year = {1972},
  volume = {34},
  pages = {187--220},
  number = {2}
}

@ARTICLE{DempsterLairdRubin77,
  author = {Dempster, A. P. and Laird, N. M. and Rubin, D. B.},
  title = {Maximum likelihood from incomplete data via the {EM} algorithm},
  journal = {Journal of the Royal Statistical Society, Series B},
  year = {1977},
  volume = {39},
  pages = {1--38},
  number = {1}
}

@ARTICLE{Genberget08,
  author = {Genberg, B. L. and Kulich, M. and Kawichai, S. and Modiba, P. and
	Chingono, A. and Kilonzo, G. P. and Richter, L. and Pettifor, A.
	and Sweat, M. and Celentano, D. D.},
  title = {{HIV} risk behaviors in Sub-{S}aharan {A}frica and {N}orthern {T}hailand:
	{B}aseline behavioral data from project {A}ccept},
  journal = {Journal of Acquired Immune Deficiency Syndrome},
  year = {2008},
  volume = {49},
  pages = {309--319}
}

@ARTICLE{KaplanMeier58,
  author = {Kaplan, E. L. and Meier, P.},
  title = {Nonparametric estimation from incomplete observations},
  journal = {Journal of the American Statistical Association},
  year = {1958},
  volume = {53},
  pages = {457--481},
  number = {282}
}

@BOOK{LehmannCasella98,
  title = {Theory of Point Estimation},
  publisher = {Springer-Verlag},
  year = {1998},
  author = {Lehmann, E. L. and Casella, G.},
  address = {New York},
  series = {{S}econd {E}dition},
  isbn = {0-387-98502-6}
}

@ARTICLE{Student08,
  author = {Student},
  title = {On the probable error of the mean},
  journal = {Biometrika},
  year = {1908},
  volume = {6},
  pages = {1-25}
}
